@unpublished{kalenkovichCompetitionLocalPriming2019,
  type = {Poster},
  title = {Competition between Local Priming and Global Outcome in Processing of Negatives},
  author = {Kalenkovich, Evgenii and Darley, Emily J. and Kent, Christopher and Kazanina, Nina},
  date = {2019-09},
  eventtitle = {{{AMLaP}} 2019},
  venue = {{Moscow}}
}

@article{kalenkovichFrequencyTaggingSyntactic2021,
  title = {Frequency {{Tagging}} of {{Syntactic Structure}} or {{Lexical Properties}}; {{A Registered MEG Study}}},
  shorttitle = {Frequency {{Tagging}} of {{Syntax}} or {{Words}}},
  author = {Kalenkovich, Evgenii and Shestakova, Anna and Kazanina, Nina},
  date = {2021-11},
  journaltitle = {Cortex}
}

@unpublished{kalenkovichPhonemesSpeechPerceptionTBD,
  title = {Phonemes in {{Speech Perception}}: {{Selective Adaptation}} to {{Missing Phonemes}}},
  shorttitle = {Phonemes in {{Speech Perception}}},
  author = {Kalenkovich, Evgenii and Stupina, Ekaterina},
  year = {TBD},
  howpublished = {currently being revised}
}

@unpublished{kalenkovichPsychologicalMechanismsContributing2020,
  type = {Poster},
  title = {Psychological Mechanisms Contributing to the Effort in Negation Processing},
  author = {Kalenkovich, Evgenii and Darley, Emily J. and Kent, Christopher and Kazanina, Nina},
  date = {2020-09},
  url = {https://amlap2020.github.io/a/240.pdf},
  eventtitle = {{{AMLaP}} 2020},
  venue = {{Online}}
}

@unpublished{kalenkovichSyntacticVsLexical2020,
  type = {Poster},
  title = {Syntactic vs. {{Lexical Effects}} in {{Syntactic Frequency Tagging}}},
  author = {Kalenkovich, Evgenii and Kazanina, Nina},
  date = {2020-10},
  eventtitle = {{{SNL}} 2020},
  venue = {{Online}}
}

@unpublished{kalenkovichWeNeedPhonemes2019,
  type = {Poster},
  title = {Do We Need Phonemes in Speech Perception? {{An}} Auditory Selective Adaptation Study},
  author = {Kalenkovich, Evgenii and Stupina, Ekaterina},
  date = {2019-09},
  eventtitle = {{{AMLaP}} 2019},
  venue = {{Moscow}}
}

@article{novikovSlowFastResponses2017,
  title = {Slow and {{Fast Responses}}: {{Two Mechanisms}} of {{Trial Outcome Processing Revealed}} by {{EEG Oscillations}}},
  shorttitle = {Slow and {{Fast Responses}}},
  author = {Novikov, Nikita A. and Nurislamova, Yulia M. and Zhozhikashvili, Natalia A. and Kalenkovich, Evgenii E. and Lapina, Anna A. and Chernyshev, Boris V.},
  date = {2017-05-05},
  journaltitle = {Frontiers in Human Neuroscience},
  shortjournal = {Front. Hum. Neurosci.},
  volume = {11},
  pages = {218},
  issn = {1662-5161},
  doi = {10.3389/fnhum.2017.00218},
  url = {http://journal.frontiersin.org/article/10.3389/fnhum.2017.00218/full},
  urldate = {2021-01-02}
}

@article{pavlovEEGManyLabsInvestigatingReplicability2021,
  title = {\#{{EEGManyLabs}}: {{Investigating}} the {{Replicability}} of {{Influential EEG Experiments}}},
  shorttitle = {\#{{EEGManyLabs}}},
  author = {Pavlov, Yuri G. and ... and Mushtaq, Faisal},
  options = {useprefix=true},
  date = {2021-04},
  journaltitle = {Cortex},
  shortjournal = {Cortex},
  pages = {S0010945221001106},
  issn = {00109452},
  doi = {10.1016/j.cortex.2021.03.013},
  url = {https://linkinghub.elsevier.com/retrieve/pii/S0010945221001106},
  urldate = {2021-04-06},
  langid = {english}
}
